<?xml version = "1.0" encoding = "UTF-8"?><OAI-PMH xmlns="http://www.openarchives.org/OAI/2.0/" xmlns:xsi="http://www.w3.org/2001/XMLSchema-instance" xsi:schemaLocation="http://www.openarchives.org/OAI/2.0/ http://www.openarchives.org/OAI/2.0/OAI-PMH.xsd"><ListRecords><record><header><identifier>aleph-publish:020425349</identifier></header><metadata><record xmlns="http://www.ddb.de/professionell/mabxml/mabxml-1.xsd"><leader>------M2.01200024------h</leader><controlfield tag="LDR">------M2.01200024------h</controlfield><controlfield tag="FMT">MH</controlfield><datafield tag="001" ind1="-" ind2="1"><subfield code="a">HT018296675</subfield></datafield><datafield tag="002" ind1="a" ind2="1"><subfield code="a">20140617</subfield></datafield><datafield tag="003" ind1="-" ind2="1"><subfield code="a">20221214</subfield></datafield><datafield tag="026" ind1="-" ind2="1"><subfield code="a">HBZHT018296675</subfield></datafield><controlfield tag="030">a|1uc||||||27</controlfield><datafield tag="036" ind1="a" ind2="1"><subfield code="a">DE</subfield></datafield><datafield tag="037" ind1="b" ind2="1"><subfield code="a">ger</subfield></datafield><controlfield tag="050">||||||||g|||||</controlfield><controlfield tag="051">mw|||||||||||||</controlfield><datafield tag="060" ind1="-" ind2="1"><subfield code="b">txt</subfield><subfield code="a">Text</subfield></datafield><datafield tag="061" ind1="-" ind2="1"><subfield code="b">c</subfield><subfield code="a">Computermedien</subfield></datafield><datafield tag="062" ind1="-" ind2="1"><subfield code="b">cr</subfield><subfield code="a">Online-Ressource</subfield></datafield><datafield tag="064" ind1="a" ind2="1"><subfield code="a">Website</subfield><subfield code="9">(DE-588)4596172-4</subfield></datafield><datafield tag="070" ind1="-" ind2="1"><subfield code="a">929</subfield></datafield><datafield tag="070" ind1="b" ind2="1"><subfield code="a">929</subfield></datafield><datafield tag="078" ind1="b" ind2="1"><subfield code="a">Mindestkatalogisat</subfield></datafield><datafield tag="078" ind1="r" ind2="1"><subfield code="a">929: edoweb</subfield></datafield><datafield tag="080" ind1="-" ind2="1"><subfield code="a">60</subfield></datafield><datafield tag="200" ind1="-" ind2="1"><subfield code="k">Rheinland-Pfalz</subfield><subfield code="b">Landtag</subfield><subfield code="9">(DE-588)2029773-7</subfield></datafield><datafield tag="201" ind1="-" ind2="1"><subfield code="k">Rheinland-Pfalz</subfield><subfield code="b">Landtag</subfield><subfield code="b">Parlaments- und Wissenschaftlicher Dienst</subfield></datafield><datafield tag="201" ind1="-" ind2="1"><subfield code="k">Rheinland-Pfalz</subfield><subfield code="b">Landtag</subfield><subfield code="b">Wissenschaftlicher Dienst</subfield></datafield><datafield tag="201" ind1="-" ind2="1"><subfield code="k">Rheinland-Pfalz</subfield><subfield code="b">Landtag</subfield><subfield code="b">Wissenschaftliche Abteilung</subfield></datafield><datafield tag="201" ind1="-" ind2="1"><subfield code="k">Parlaments- und Wissenschaftlicher Dienst</subfield><subfield code="h">Mainz</subfield></datafield><datafield tag="201" ind1="-" ind2="1"><subfield code="k">Wissenschaftliche Abteilung</subfield><subfield code="h">Rheinland-Pfalz, Landtag</subfield></datafield><datafield tag="201" ind1="-" ind2="1"><subfield code="k">Rheinland-Pfalz</subfield><subfield code="b">Landtag</subfield><subfield code="b">Drucksachen-Abteilung</subfield><subfield code="n">1</subfield></datafield><datafield tag="201" ind1="-" ind2="1"><subfield code="k">Rheinland-Pfalz</subfield><subfield code="b">Landtag</subfield><subfield code="b">Drucksachen-Abteilung</subfield><subfield code="n">2</subfield></datafield><datafield tag="201" ind1="-" ind2="1"><subfield code="k">Rheinland-Pfalz</subfield><subfield code="b">Landtag</subfield><subfield code="b">Drucksachen-Abteilung</subfield><subfield code="n">3</subfield></datafield><datafield tag="201" ind1="-" ind2="1"><subfield code="k">Rheinland-Pfalz</subfield><subfield code="b">Landtag</subfield><subfield code="b">Verwaltung</subfield></datafield><datafield tag="201" ind1="-" ind2="1"><subfield code="k">Landtag</subfield><subfield code="h">Rheinland-Pfalz</subfield></datafield><datafield tag="201" ind1="-" ind2="1"><subfield code="k">Rheinland-Pfalz</subfield><subfield code="b">Landtag</subfield><subfield code="b">Referat Öffentlichkeitsarbeit</subfield></datafield><datafield tag="201" ind1="-" ind2="1"><subfield code="k">Rheinland-Pfalz</subfield><subfield code="b">Landtag</subfield><subfield code="b">Der Präsident</subfield></datafield><datafield tag="201" ind1="-" ind2="1"><subfield code="k">Rheinland-Pfalz</subfield><subfield code="b">Landtag</subfield><subfield code="b">Präsident</subfield></datafield><datafield tag="201" ind1="-" ind2="1"><subfield code="k">Der Präsident des Landtags Rheinland-Pfalz</subfield></datafield><datafield tag="201" ind1="-" ind2="1"><subfield code="k">&lt;&lt;Der&gt;&gt; Präsident</subfield><subfield code="h">Rheinland-Pfalz. Landtag</subfield></datafield><datafield tag="331" ind1="-" ind2="1"><subfield code="a">Landtag Rheinland-Pfalz</subfield></datafield><datafield tag="419" ind1="-" ind2="1"><subfield code="a">Mainz</subfield><subfield code="b">Landtag Rheinland-Pfalz</subfield><subfield code="c">[2016?]-</subfield></datafield><datafield tag="425" ind1="b" ind2="1"><subfield code="a">2016</subfield></datafield><datafield tag="552" ind1="b" ind2="1"><subfield code="a">urn:nbn:de:hbz:929:02-edoweb:1987</subfield></datafield><datafield tag="652" ind1="a" ind2="1"><subfield code="a">Archivierte Online-Ressource</subfield></datafield><datafield tag="655" ind1="e" ind2="1"><subfield code="u">http://www.landtag.rlp.de</subfield><subfield code="x">kostenfrei; Langzeitarchivierung</subfield></datafield><datafield tag="655" ind1="e" ind2="1"><subfield code="u">https://www.edoweb-rlp.de/resource/edoweb:198</subfield><subfield code="x">Archivierte Online-Ressource</subfield><subfield code="A">0</subfield></datafield><datafield tag="700" ind1="l" ind2="1"><subfield code="a">600</subfield></datafield><datafield tag="700" ind1="l" ind2="1"><subfield code="a">610</subfield></datafield><datafield tag="700" ind1="l" ind2="1"><subfield code="a">130</subfield></datafield><datafield tag="700" ind1="l" ind2="1"><subfield code="a">131</subfield></datafield><datafield tag="700" ind1="l" ind2="1"><subfield code="a">rpb404300</subfield></datafield><datafield tag="700" ind1="l" ind2="1"><subfield code="a">rpbr_01_</subfield></datafield><datafield tag="700" ind1="b" ind2="1"><subfield code="a">340</subfield></datafield><datafield tag="700" ind1="b" ind2="1"><subfield code="a">320</subfield></datafield><controlfield tag="SYS">020425349</controlfield><datafield tag="LOW" ind1="-" ind2="1"><subfield code="a">R0001</subfield></datafield><datafield tag="088" ind1=" " ind2=" "><subfield code="a">929</subfield></datafield></record></metadata></record></ListRecords></OAI-PMH>